% This file was created with JabRef 2.9.2.
% Encoding: Cp1252

@STRING{aog = {Ann. Glaciol.}}

@STRING{jgr = {J.~Geophys. Res.}}

@STRING{jog = {J.~Glaciol.}}

@ARTICLE{Henner03,
  author = {H.~Sand\-h\"{a}ger},
  title = {Numerical study on the influence of fractures and zones of weakness
	on the flow regime of Larsen Ice Shelf},
  journal = {FRISP Report},
  year = {2003},
  volume = {14},
  pages = {in press}
}

@PHDTHESIS{Henner00,
  author = {H.~Sand\-h\"ager},
  title = {Quantifizierung eisdynamischer und massenhaushaltsrelevanter Basisgr\"{o}\ss
	en eines antarktischen Inlandeis-Schelfeis-Systems unter Einsatz
	eines numerischen Flie\ss modells},
  school = {Westf\"{a}lische Wilhelms-Universit\"{a}t M\"{u}nster)},
  year = {2000}
}

@ARTICLE{Barboza04,
  author = {{H.H.C.}~Barboza and {A.L.}~{de Bortoli} and {J.C.}~{Sim\~{o}es}
	and {R.D.}~{da Cunha} and M.~Braun},
  title = {Bidimensional numerical simulation of the Lange Glacier, King George
	Island, Antarctica: preliminary results},
  journal = {Pesquisa Ant$\acute{\rm a}$rtica Brasileira},
  year = {2004},
  volume = {4},
  pages = {67-76}
}

@ARTICLE{Birkenmajer97,
  author = {K.~Birkenmajer},
  title = {Geology of the northern coast of King George Island, South Shetland
	Islands (West Antarctica)},
  journal = {Studia Geologica Polonica},
  year = {1997},
  volume = {110},
  pages = {7-26}
}

@ARTICLE{Blatter95,
  author = {H.~Blatter},
  title = {Velocity and stress fields in grounded glaciers: a simple algorithm
	for including deviatoric stress gradients},
  journal = jog,
  year = {1995},
  volume = {41},
  pages = {333-344},
  number = {138}
}

@ARTICLE{Norbert94,
  author = {N.~Blindow},
  title = {The central part of the Filchner-Ronne Ice Shelf, Antarctica: internal
	structures revealed by 40 MHz monopulse RES},
  journal = aog,
  year = {1994},
  volume = {20},
  pages = {365-371}
}

@PHDTHESIS{Braun01b,
  author = {M.~Braun},
  title = {Ablation of the ice cap of King George Island (Antarctica) - an approach
	from field measurements, modelling and remote sensing},
  school = {Albert-Ludwigs-Universit\"{a}t Freiburg i. Br.)},
  year = {2001}
}

@ARTICLE{Braun04,
  author = {M.~Braun and R.~Hock},
  title = {Spatially distributed surface energy balance and ablation modelling
	on the ice cap of King George Island (Antarctica)},
  journal = {Global and Planetary Change},
  year = {2004a},
  volume = {42},
  pages = {45-58}
}

@ARTICLE{Braun04b,
  author = {M.~Braun and H.~Saurer and H.~Go\ss mann},
  title = {Climate, energy fluxes and ablation rates on the ice cap of King
	George Island},
  journal = {Pesquisa Ant$\acute{\rm a}$rtica Brasileira},
  year = {2004b},
  volume = {4},
  pages = {87-103}
}

@ARTICLE{Braun01,
  author = {M.~Braun and {J.C.}~{Sim\~{o}es} and S.~Vogt and {U.F.}~Bremer and
	H.~Saurer and {F.E.}~Aquino},
  title = {A new satellite image map of King George Island (South Shetland Islands,
	Antarctica)},
  journal = {Polarforschung},
  year = {2001},
  volume = {71},
  pages = {47-48},
  number = {1/2}
}

@INCOLLECTION{dahl-jensen93,
  author = {Dahl-Jensen, D. and Johnsen, S.J. and Hammer, C.U. and Clausen, H.B.
	and Jouzel, J.},
  title = {Past accumulation rates derived from observed annual layers in the
	{GRIP} ice core from {S}ummit, central {G}reenland.},
  booktitle = {Ice in the Climate System},
  publisher = {Springer-Verlag},
  year = {1993},
  editor = {Peltier, W.R.},
  pages = {517-532},
  address = {Berlin Heidelberg, Germany}
}

@ARTICLE{Ferron04,
  author = {{F.A.}~{Ferron} and {J.C.}~{Sim\~{o}es} and {F.E.}~Aquino and {A.W.}~Setzer},
  title = {Air temperature time series for King George Island, Antarctica},
  journal = {Pesquisa Ant$\acute{\rm a}$rtica Brasileira},
  year = {2004},
  volume = {4},
  pages = {155-169}
}

@ARTICLE{Greve98,
  author = {R.~Greve and M.~Weis and K.~Hutter},
  title = {Paleoclimatic evolution and present conditions of the Greenland Ice
	Sheet in the vicinity of Summit: An approach by large-scale modelling},
  journal = {Paleoclimates},
  year = {1998},
  volume = {2},
  pages = {133-161},
  number = {2-3}
}

@ARTICLE{Hutter93,
  author = {K.~Hutter},
  title = {Thermo-mechanically coupled ice-sheet response - cold, polythermal,
	temperate},
  journal = jog,
  year = {1993},
  volume = {39},
  pages = {65-86},
  number = {131}
}

@BOOK{Huybrechts92,
  title = {The Antarctic ice sheet and environmental change: a three-dimensional
	modelling study},
  publisher = {Alfred-Wegener-Institut Bremerhaven},
  year = {1992},
  author = {P.~Huybrechts},
  volume = {99},
  series = {Berichte zur Polarforschung}
}

@INPROCEEDINGS{johnsen77,
  author = {Johnsen, S.J.},
  title = {Stable isotope homogenization of polar firn and ice},
  booktitle = {Proceedings of the Grenoble Symposium on {I}sotopes and {I}mpurities
	in {S}now and {I}ce, Grenoble, Aug./Sep. 1975},
  year = {1977},
  number = {118},
  pages = {210-219},
  publisher = {IAHS Publ.}
}

@ARTICLE{Knap96,
  author = {W.H.~Knap and J.~Oerlemans and M.~Cad$\acute{e}$e},
  title = {Climate sensitivity of the ice cap of King George Island, South Shetland
	Islands, Antarctica},
  journal = aog,
  year = {1996},
  volume = {23},
  pages = {154-159}
}

@TECHREPORT{Krimmel:2000a,
  author = {R.M. Krimmel},
  title = {{Water, ice, and meteorological measurements at South Cascade Glacier,
	Washington, 1986--1991 balance years}},
  year = {2000},
  type = {{USGS Water-Resourc. Invest. Rep. 00-4006}},
  note = {77 p.}
}

@ARTICLE{Loewe70,
  author = {F.~Loewe},
  title = {Screen temperatures and 10~m temperatures},
  journal = jog,
  year = {1970},
  volume = {9},
  pages = {263-268},
  number = {56}
}

@ARTICLE{ich03,
  author = {B.~Paschke and {M.A.}~Lange},
  title = {Dynamics and mass balance of the ice sheet / ice shelf regime at
	Nivlisen, Antarctica, as derived from a coupled three-dimensional
	numerical flow model},
  journal = aog,
  year = {2003},
  volume = {37},
  pages = {159-165}
}

@BOOK{Paterson94,
  title = {The Physics of Glaciers},
  publisher = {Pergamon},
  year = {1994},
  author = {{W.S.B.}~Paterson},
  edition = {3}
}

@ARTICLE{Pettersson04,
  author = {R.~Pettersson and P.~Jansson and H.~Blatter},
  title = {Spatial variability in water content at the cold-temperate transition
	surface of the polythermal Storglaci\"aren, Sweden},
  journal = jgr,
  year = {2004},
  volume = {109},
  pages = {F02009, doi:10.1029/2003JF000110}
}

@MASTERSTHESIS{Pfender99,
  author = {M.~Pfender},
  title = {Topographie und Glazialhydrologie von King George Island, Antarktis},
  school = {Westf\"{a}lische Wilhelms-Universit\"{a}t M\"{u}nster)},
  year = {1999}
}

@ARTICLE{Pollack93,
  author = {H.N.~Pollack and S.J.~Hurter and J.R.~Johnson},
  title = {Heat flow from the Earth's interior: Analysis of the global data
	set},
  journal = {Reviews of geophysics},
  year = {1993},
  volume = {31},
  pages = {267-280},
  number = {3}
}

@ARTICLE{Jeffe04,
  author = {{J.C.}~{Sim\~{o}es} and {F.A.}~Ferron and {R.T.}~Bernardo and {A.J.}~Aristarain
	and M.~Sti$\acute{\rm e}$venard and M.~Pourchet and {R.J.}~Delmas},
  title = {Ice core study from the King George Island, South Shetlands, Antarctica},
  journal = {Pesquisa Ant$\acute{\rm a}$rtica Brasileira},
  year = {2004},
  volume = {4},
  pages = {9-23}
}

@ARTICLE{Svendsen96,
  author = {B.~Svendsen and K.~Hutter},
  title = {A continuum approach for modelling induced anisotropy in glaciers
	and ice sheets},
  journal = aog,
  year = {1996},
  volume = {23},
  pages = {262-269}
}

@MANUAL{USN:1966,
  title = {{Selected level temperatures and dew points for the Northern Hemisphere}},
  author = {{United States Navy}},
  organization = {{Washington, DC, US Navy: Chief of Naval Operations}},
  year = {1966},
  note = {{(Document NAVAIR 50-1C-52)}}
}

@ARTICLE{Vallon76,
  author = {M.~Vallon and {J.-R.}~Petit and B.~Fabre},
  title = {Study of an ice core to the bedrock in the accumulation zone of an
	alpine glacier},
  journal = jog,
  year = {1976},
  volume = {17},
  pages = {13-28},
  number = {75}
}

@ARTICLE{Wang99,
  author = {W.L.~Wang and R.C.~Warner},
  title = {Modelling of anisotropic ice flow in Law Dome, East Antarctica},
  journal = aog,
  year = {1999},
  volume = {29},
  pages = {184-190}
}

@ARTICLE{Wang98,
  author = {W.L.~Wang and R.C.~Warner},
  title = {Simulation of the influence of ice rheology on velocity profiles
	and ice-sheet mass balance},
  journal = aog,
  year = {1998},
  volume = {27},
  pages = {194-200}
}

@ARTICLE{Wen98,
  author = {{Jiahong}~{Wen} and {Jiancheng}~{Kang} and {Jiankang}~{Han} and {Zichu}~{Xie}
	and {Leibao}~{Liu} and {Dali}~{Wang}},
  title = {Glaciological studies on the King George Island ice cap, South Shetland
	Islands, Antarctica},
  journal = aog,
  year = {1998},
  volume = {27},
  pages = {105-109}
}

@ARTICLE{Wen94,
  author = {{Jiahong}~{Wen} and {Jiancheng}~{Kang} and {Zichu}~{Xie} and {Jiankang}~{Han}
	and A.~Lluberas},
  title = {Climate, mass balance and glacial changes on small dome of Collins
	Ice Cap, King George Island, Antarctica},
  journal = {Antarctic Research},
  year = {1994},
  volume = {5},
  pages = {52-61},
  number = {1}
}

